
<marc:record><marc:leader>04868nam a2200577 i 4500</marc:leader>
<marc:controlfield tag="001">001444110</marc:controlfield>
<marc:controlfield tag="003">OCoLC</marc:controlfield><marc:controlfield tag="005">20241203104300.0</marc:controlfield><marc:controlfield tag="006">m     o  d f      </marc:controlfield><marc:controlfield tag="007">cr |||||||||||</marc:controlfield><marc:controlfield tag="008">241203s2024    dcua    ob   f000 0 eng c</marc:controlfield><marc:datafield tag="035" ind1=" " ind2=" "><marc:subfield code="a">(OCoLC)1474711408</marc:subfield></marc:datafield><marc:datafield tag="040" ind1=" " ind2=" "><marc:subfield code="a">GPO</marc:subfield><marc:subfield code="b">eng</marc:subfield><marc:subfield code="e">rda</marc:subfield><marc:subfield code="e">pn</marc:subfield><marc:subfield code="c">GPO</marc:subfield></marc:datafield><marc:datafield tag="042" ind1=" " ind2=" "><marc:subfield code="a">pcc</marc:subfield></marc:datafield><marc:datafield tag="043" ind1=" " ind2=" "><marc:subfield code="a">n-us---</marc:subfield></marc:datafield><marc:datafield tag="074" ind1=" " ind2=" "><marc:subfield code="a">1032-E (online)</marc:subfield></marc:datafield><marc:datafield tag="086" ind1="0" ind2=" "><marc:subfield code="a">Y 4.AG 8/3:S.HRG.118-478</marc:subfield></marc:datafield><marc:datafield tag="086" ind1="0" ind2=" "><marc:subfield code="a">Y 4.AG 8/3:S.HRG.118-477</marc:subfield></marc:datafield><marc:datafield tag="110" ind1="1" ind2=" "><marc:subfield code="a">United States.</marc:subfield><marc:subfield code="b">Congress.</marc:subfield><marc:subfield code="b">Senate.</marc:subfield><marc:subfield code="b">Committee on Agriculture, Nutrition, and Forestry.</marc:subfield><marc:subfield code="b">Subcommittee on Commodities, Risk Management, and Trade,</marc:subfield><marc:subfield code="0">https://id.loc.gov/authorities/names/no2024108296</marc:subfield><marc:subfield code="e">author.</marc:subfield></marc:datafield><marc:datafield tag="245" ind1="1" ind2="0"><marc:subfield code="a">Commodity programs, credit, and crop insurance :</marc:subfield><marc:subfield code="b">: hearing before the Subcommittee on Commodities, Risk Management, and Trade of the Committee on Agriculture, Nutrition, and Forestry, United States Senate, One Hundred Eighteenth Congress, first session.</marc:subfield></marc:datafield><marc:datafield tag="264" ind1=" " ind2="1"><marc:subfield code="a">Washington :</marc:subfield><marc:subfield code="b">U.S. Government Publishing Office,</marc:subfield><marc:subfield code="c">2024.</marc:subfield></marc:datafield><marc:datafield tag="300" ind1=" " ind2=" "><marc:subfield code="a">1 online resource (2 volumes) :</marc:subfield><marc:subfield code="b">illustrations.</marc:subfield></marc:datafield><marc:datafield tag="336" ind1=" " ind2=" "><marc:subfield code="a">text</marc:subfield><marc:subfield code="b">txt</marc:subfield><marc:subfield code="2">rdacontent</marc:subfield></marc:datafield><marc:datafield tag="337" ind1=" " ind2=" "><marc:subfield code="a">computer</marc:subfield><marc:subfield code="b">c</marc:subfield><marc:subfield code="2">rdamedia</marc:subfield></marc:datafield><marc:datafield tag="338" ind1=" " ind2=" "><marc:subfield code="a">online resource</marc:subfield><marc:subfield code="b">cr</marc:subfield><marc:subfield code="2">rdacarrier</marc:subfield></marc:datafield><marc:datafield tag="490" ind1="1" ind2=" "><marc:subfield code="a">S. hrg. ;</marc:subfield><marc:subfield code="v">118-478, 118-477</marc:subfield></marc:datafield><marc:datafield tag="500" ind1=" " ind2=" "><marc:subfield code="a">&quot;May 2, 2023&quot;--Pt. 1.</marc:subfield></marc:datafield><marc:datafield tag="500" ind1=" " ind2=" "><marc:subfield code="a">&quot;May 4, 2023&quot;--Pt. 2.</marc:subfield></marc:datafield><marc:datafield tag="505" ind1="0" ind2=" "><marc:subfield code="a">Pt.1. Producer perspectives on the farm safety net -- Pt. 2. Industry perspectives on risk management and access to credit.</marc:subfield></marc:datafield><marc:datafield tag="500" ind1=" " ind2=" "><marc:subfield code="a">In scope of the U.S. Government Publishing Office Cataloging and Indexing Program (C&amp;I) and Federal Depository Library Program (FDLP).</marc:subfield></marc:datafield><marc:datafield tag="504" ind1=" " ind2=" "><marc:subfield code="a">Includes bibliographical references.</marc:subfield></marc:datafield><marc:datafield tag="511" ind1="0" ind2=" "><marc:subfield code="a">&quot;Hearing witnesses: Duvall, Zippy, President, American Farm Bureau Federation, Washington, DC; Larew, Rob, President, National Farmers Union, Washington, DC; Ackerman, Greg, Past Chair of The Michigan Bean Commission; Delegate to the U.S. Dry Bean Council, Vassar, MI; Carson, Kody, Past Chairman, National Sorghum Producers, Lubbock, TX; Cheyne, Brent, President, National Association of Wheat Growers, Klamath Falls, OR; Gendebien, Blake, Vice Chair, Agri-Mark Family Dairy Farm Co-Op, Ogdensburg, NY, Testifying on Behalf of The National Milk Producers Federation; Hillman, Rich, Farmer, Hillman Farms, Carlisle, AR, Testifying on Behalf of The USA Rice Federation; Johnson, Patrick, Producer and Director, National Cotton Council, Tunica, MS; Ragland, Caleb, Secretary, American Soybean Association, Magnolia, KY; Rockstad, Neil, Vice President, American Sugarbeet Growers Association, Hendrum, MN, [and others]&quot;--Pt. 1.</marc:subfield></marc:datafield><marc:datafield tag="511" ind1="0" ind2=" "><marc:subfield code="a">&quot;Hearing witnesses: Barker, Gus, President and CEO, First Community Bank, Newell, IA, Testifying on Behalf of the Independent Community Bankers of America; Morgan, Phillip D., Chief Executive Officer, Southern AgCredit, Ridgeland, MS, Testifying on Behalf of the Farm Credit Council; Wagner, Jase, President and CEO, Compeer Financial, Sun Prairie, WI, Testifying on Behalf of the Farm Credit Council; Cole, William, Owner and Agent, Cole Agency, Batesville, MS, Testifying on Behalf of the Crop Insurance Professionals Association as Chairman; Korin, James, President, NAU Country Insurance, Ramsey, MN, Testifying on Behalf of the American Association of Crop Insurers; Meador, Jason, Head, Rural Community Insurance Services, Zurich North America, Anoka, MN, and Schaumburg, IL, Testifying on Behalf of the Crop Insurance and Reinsurance Bureau&quot;--Pt. 2.</marc:subfield></marc:datafield><marc:datafield tag="518" ind1=" " ind2=" "><marc:subfield code="a">&quot;Date of hearing: 2023-05-02&quot;--Pt. 1.</marc:subfield></marc:datafield><marc:datafield tag="518" ind1=" " ind2=" "><marc:subfield code="a">&quot;Date of hearing: 2023-05-04&quot;--Pt. 2.</marc:subfield></marc:datafield><marc:datafield tag="588" ind1="0" ind2=" "><marc:subfield code="a">Description based on online resource; title from PDF title page, pt. 1 (GovInfo, viewed Dec. 2, 2024).</marc:subfield></marc:datafield><marc:datafield tag="650" ind1=" " ind2="0"><marc:subfield code="a">Agriculture and state</marc:subfield><marc:subfield code="z">United States.</marc:subfield><marc:subfield code="0">https://id.loc.gov/authorities/subjects/sh85002491</marc:subfield></marc:datafield><marc:datafield tag="650" ind1=" " ind2="0"><marc:subfield code="a">Agricultural credit</marc:subfield><marc:subfield code="z">United States.</marc:subfield></marc:datafield><marc:datafield tag="650" ind1=" " ind2="0"><marc:subfield code="a">Rural development</marc:subfield><marc:subfield code="z">United States.</marc:subfield></marc:datafield><marc:datafield tag="650" ind1=" " ind2="0"><marc:subfield code="a">Crop insurance</marc:subfield><marc:subfield code="z">United States.</marc:subfield></marc:datafield><marc:datafield tag="650" ind1=" " ind2="7"><marc:subfield code="a">Agriculture and Food.</marc:subfield><marc:subfield code="2">cgpa</marc:subfield></marc:datafield><marc:datafield tag="655" ind1=" " ind2="7"><marc:subfield code="a">Legislative hearings.</marc:subfield><marc:subfield code="2">lcgft</marc:subfield><marc:subfield code="0">https://id.loc.gov/authorities/genreForms/gf2013025047</marc:subfield></marc:datafield><marc:datafield tag="776" ind1="0" ind2="8"><marc:subfield code="i">Print version:</marc:subfield><marc:subfield code="a">United States. Congress. Senate. Committee on Agriculture, Nutrition, and Forestry. Subcommittee on Commodities, Risk Management, and Trade,</marc:subfield><marc:subfield code="t">Commodity programs, credit, and crop insurance</marc:subfield><marc:subfield code="w">(OCoLC)1474711320</marc:subfield></marc:datafield><marc:datafield tag="810" ind1="1" ind2=" "><marc:subfield code="a">United States.</marc:subfield><marc:subfield code="b">Congress.</marc:subfield><marc:subfield code="b">Senate.</marc:subfield><marc:subfield code="t">S. hrg. ;</marc:subfield><marc:subfield code="0">https://id.loc.gov/authorities/names/n83707917</marc:subfield><marc:subfield code="v">118-478, 118-477.</marc:subfield></marc:datafield><marc:datafield tag="856" ind1="4" ind2="0"><marc:subfield code="u">https://purl.fdlp.gov/GPO/gpo234984</marc:subfield><marc:subfield code="7">0</marc:subfield></marc:datafield><marc:datafield tag="856" ind1="4" ind2=" "><marc:subfield code="z">Address at time of PURL creation</marc:subfield><marc:subfield code="3">Pt. 1</marc:subfield><marc:subfield code="u">https://www.govinfo.gov/app/details/CHRG-118shrg55132/</marc:subfield><marc:subfield code="7">0</marc:subfield></marc:datafield><marc:datafield tag="856" ind1="4" ind2=" "><marc:subfield code="z">Address at time of PURL creation</marc:subfield><marc:subfield code="3">Pt. 2</marc:subfield><marc:subfield code="u">https://www.govinfo.gov/app/details/CHRG-118shrg55133/</marc:subfield><marc:subfield code="7">0</marc:subfield></marc:datafield><marc:datafield tag="994" ind1=" " ind2=" "><marc:subfield code="a">C0</marc:subfield><marc:subfield code="b">GPO</marc:subfield></marc:datafield><marc:datafield tag="049" ind1=" " ind2=" "><marc:subfield code="a">XZL4</marc:subfield></marc:datafield><marc:datafield tag="955" ind1=" " ind2=" "><marc:subfield code="a">bc34 20241203</marc:subfield><marc:subfield code="b">20241203</marc:subfield></marc:datafield><marc:datafield tag="922" ind1=" " ind2=" "><marc:subfield code="a">BIBCONEW</marc:subfield><marc:subfield code="b">20241203</marc:subfield></marc:datafield></marc:record>