
<marc:record><marc:leader>01994nam a2200457 i 4500</marc:leader>
<marc:controlfield tag="001">001445095</marc:controlfield>
<marc:controlfield tag="005">20241230194846.0</marc:controlfield><marc:controlfield tag="006">m     o  d f      </marc:controlfield><marc:controlfield tag="007">cr |||||||||||</marc:controlfield><marc:controlfield tag="008">241230s2022    dcua    ob   f000 0 eng c</marc:controlfield><marc:datafield tag="035" ind1=" " ind2=" "><marc:subfield code="a">(OCoLC)1482403354</marc:subfield></marc:datafield><marc:datafield tag="040" ind1=" " ind2=" "><marc:subfield code="a">GPO</marc:subfield><marc:subfield code="b">eng</marc:subfield><marc:subfield code="e">rda</marc:subfield><marc:subfield code="e">pn</marc:subfield><marc:subfield code="c">GPO</marc:subfield></marc:datafield><marc:datafield tag="042" ind1=" " ind2=" "><marc:subfield code="a">pcc</marc:subfield></marc:datafield><marc:datafield tag="043" ind1=" " ind2=" "><marc:subfield code="a">n-us---</marc:subfield></marc:datafield><marc:datafield tag="074" ind1=" " ind2=" "><marc:subfield code="a">0532-C-02 (online)</marc:subfield></marc:datafield><marc:datafield tag="086" ind1="0" ind2=" "><marc:subfield code="a">HE 23.1302:C 76</marc:subfield></marc:datafield><marc:datafield tag="245" ind1="0" ind2="0"><marc:subfield code="a">Discussing contraception and abstinence with young people.</marc:subfield></marc:datafield><marc:datafield tag="264" ind1=" " ind2="1"><marc:subfield code="a">[Washington, D.C.] :</marc:subfield><marc:subfield code="b">Family &amp; Youth Services Bureau,</marc:subfield><marc:subfield code="c">2022.</marc:subfield></marc:datafield><marc:datafield tag="300" ind1=" " ind2=" "><marc:subfield code="a">1 online resource (4 pages) :</marc:subfield><marc:subfield code="b">color illustrations</marc:subfield></marc:datafield><marc:datafield tag="336" ind1=" " ind2=" "><marc:subfield code="a">text</marc:subfield><marc:subfield code="b">txt</marc:subfield><marc:subfield code="2">rdacontent</marc:subfield></marc:datafield><marc:datafield tag="337" ind1=" " ind2=" "><marc:subfield code="a">computer</marc:subfield><marc:subfield code="b">c</marc:subfield><marc:subfield code="2">rdamedia</marc:subfield></marc:datafield><marc:datafield tag="338" ind1=" " ind2=" "><marc:subfield code="a">online resource</marc:subfield><marc:subfield code="b">cr</marc:subfield><marc:subfield code="2">rdacarrier</marc:subfield></marc:datafield><marc:datafield tag="500" ind1=" " ind2=" "><marc:subfield code="a">In scope of the U.S. Government Publishing Office Cataloging and Indexing Program (C&amp;I) and Federal Depository Library Program (FDLP).</marc:subfield></marc:datafield><marc:datafield tag="500" ind1=" " ind2=" "><marc:subfield code="a">&quot;Resource guide: Personal Responsibility Education Program.&quot;</marc:subfield></marc:datafield><marc:datafield tag="500" ind1=" " ind2=" "><marc:subfield code="a">&quot;August 2022.&quot;</marc:subfield></marc:datafield><marc:datafield tag="504" ind1=" " ind2=" "><marc:subfield code="a">Includes bibliographical references (page 9).</marc:subfield></marc:datafield><marc:datafield tag="536" ind1=" " ind2=" "><marc:subfield code="a">U.S. Department of Health and Human Services, Administration on Children, Youth and Families, Family and Youth Services Bureau</marc:subfield><marc:subfield code="b">HHSP233201500039I Task 3</marc:subfield></marc:datafield><marc:datafield tag="588" ind1=" " ind2=" "><marc:subfield code="a">Description based on online resource; title from PDF caption (ACF, viewed December 30, 2024).</marc:subfield></marc:datafield><marc:datafield tag="650" ind1=" " ind2="0"><marc:subfield code="a">Sex instruction for teenagers</marc:subfield><marc:subfield code="z">United States.</marc:subfield></marc:datafield><marc:datafield tag="650" ind1=" " ind2="0"><marc:subfield code="a">Teenagers</marc:subfield><marc:subfield code="x">Sexual behavior</marc:subfield><marc:subfield code="z">United States.</marc:subfield></marc:datafield><marc:datafield tag="650" ind1=" " ind2="0"><marc:subfield code="a">Contraception.</marc:subfield></marc:datafield><marc:datafield tag="650" ind1=" " ind2="0"><marc:subfield code="a">Sexual abstinence.</marc:subfield></marc:datafield><marc:datafield tag="710" ind1="1" ind2=" "><marc:subfield code="a">United States.</marc:subfield><marc:subfield code="b">Family and Youth Services Bureau,</marc:subfield><marc:subfield code="e">issuing body.</marc:subfield></marc:datafield><marc:datafield tag="710" ind1="2" ind2=" "><marc:subfield code="a">RTI International.</marc:subfield></marc:datafield><marc:datafield tag="856" ind1="4" ind2="0"><marc:subfield code="u">https://purl.fdlp.gov/GPO/gpo235852</marc:subfield><marc:subfield code="7">0</marc:subfield></marc:datafield><marc:datafield tag="856" ind1="4" ind2=" "><marc:subfield code="z">Address at time of PURL creation</marc:subfield><marc:subfield code="u">https://teenpregnancy.acf.hhs.gov/sites/default/files/resource-files/AbstinenceContraceptionTipSheet.pdf</marc:subfield></marc:datafield><marc:datafield tag="994" ind1=" " ind2=" "><marc:subfield code="a">C0</marc:subfield><marc:subfield code="b">GPO</marc:subfield></marc:datafield><marc:datafield tag="049" ind1=" " ind2=" "><marc:subfield code="a">XZL4</marc:subfield></marc:datafield><marc:datafield tag="955" ind1=" " ind2=" "><marc:subfield code="a">bc48 20241230</marc:subfield><marc:subfield code="b">20241230</marc:subfield></marc:datafield><marc:datafield tag="922" ind1=" " ind2=" "><marc:subfield code="a">BIBCONEW</marc:subfield><marc:subfield code="b">20241230</marc:subfield></marc:datafield><marc:datafield tag="922" ind1=" " ind2=" "><marc:subfield code="a">UNREPORTEDPUBSSTAFF</marc:subfield><marc:subfield code="b">20241230</marc:subfield></marc:datafield></marc:record>